% %%%%%%%%%%%%%%%%%%%%%%%%%%%%%%%%%%%%%%%%%%%%%%%%%%%%%%%%%%%%%%%%%%%%%%%%%%%%%%%%%%%%%% %
%                                        BIBLIOGRAPHY                                    %
% %%%%%%%%%%%%%%%%%%%%%%%%%%%%%%%%%%%%%%%%%%%%%%%%%%%%%%%%%%%%%%%%%%%%%%%%%%%%%%%%%%%%%% %

% TODO

@book{lamport1991latex,
   title={LaTeX},
   author={Lamport, Leslie},
   year={1991},
   publisher={{\'S}Company Cyfronet}
}